@inproceedings{HolikMM16,
    author      = {Luk{\'{a}}s Hol{\'{\i}}k and Roland Meyer and Sebastian Muskalla},
    title       = {Summaries for Context-Free Games},
    booktitle   = {{FSTTCS}},
    pages       = {41:1--41:16},
    year        = {2016},
    doi         = {10.4230/LIPIcs.FSTTCS.2016.41},
}

@article{HolikMM16a,
    author      = {Luk{\'{a}}s Hol{\'{\i}}k and Roland Meyer and Sebastian Muskalla},
    title       = {Summaries for Context-Free Games},
    journal     = {CoRR},
    volume      = {abs/1603.07256},
    year        = {2016},
    url         = {http://arxiv.org/abs/1603.07256},
    eprint      = {1603.07256},
    archivePrefix = {arXiv}
}
